@article{Fages:1987,
  DOI = {10.1016/S0747-7171(87)80004-4},
  ISSN = {0747-7171},
  author = {Fages, F.},
  journal = {Journal of Symbolic Computation},
  number = {3},
  pages = {257--275},
  title = {{A}ssociative-commutative unification, {I}n: {\textbackslash}emph{\lbrace}},
  volume = {3},
  year = {1987},
  key = fag:acu,
}

@article{einstein,
    author =       "Albert Einstein",
    title =        "{Zur Elektrodynamik bewegter K{\"o}rper}. ({German})
        [{On} the electrodynamics of moving bodies]",
    journal =      "Annalen der Physik",
    volume =       "322",
    number =       "10",
    pages =        "891--921",
    year =         "1905",
    DOI =          "http://dx.doi.org/10.1002/andp.19053221004"
}
