%%% ----------------------------------------------------------------------
%%% BibTeX-file {
%%%    author	 = "{Edifix}",
%%%    filename  = "495905-bibtex-output.xml",
%%%    date      = "",
%%%    version   = "",
%%%    address   = "",
%%%    URL       = "",
%%%    email     = "",
%%%    codetable = "ISO/ASCII",
%%%    supported = "yes",
%%%    docstring = "This file contains bibliography entries
%%%                 extracted and processed by Edifix.",
%%%    keywords  = "",
%%% }



%{\textbackslash}bibitem[Avigad et al., 2015] {\lbrace}lean{\rbrace} Avigad, J.;~Moura, L.; Kong,~S.; 2015: Theorem proving in Lean.~
@misc{Unknown:2015,
  year = {2015},
}


%{\textbackslash}url{\lbrace}{\lbrace}http://leanprover.github.io/tutorial/tutorial.pdf{\rbrace}{\rbrace}
@misc{Unknown:,
}


%{\textbackslash}bibitem[Baader and Snyder(2001)]{\lbrace}baa:sny{\rbrace}
@misc{Unknown::1,
}


%Baader, F., {\&} Snyder, W. 2001: Unification theory. In: {\textbackslash}emph {\lbrace}Handbook of Automated Reasoning{\rbrace} (1), Robinson, J. A., and Voronkov, A. (eds.), 447{\textendash}533. Elsevier Science Publishers. {\textbackslash}bibitem[Boyer and Moore(1979)]{\lbrace}boy:moo{\rbrace} Boyer, R. S., Moore, J S. 10.1016/B978-044450813-3/50010-2
@misc{Baader:2001,
  DOI = {10.1016/B978-044450813-3/50010-2},
  author = {Baader, F. and Snyder, W.},
  title = {{U}nification theory.},
  year = {2001},
}


%1979: {\textbackslash}emph{\lbrace}A Computational Logic{\rbrace}.
@misc{Unknown::2,
}


%New York: Academic Press.
@misc{NewYork:,
  author = {{N}ew {Y}ork},
}


%{\textbackslash}bibitem[Burstall and Darlington(1977)]{\lbrace}bur:dar{\rbrace}
@misc{Unknown::3,
}


%Burstall, R. M., and Darlington, J.
@misc{Burstall:,
  author = {Burstall, R. M. and Darlington, J.},
}


%1977: A transformation system for developing recursive programs. In: {\textbackslash}emph{\lbrace}Journal of the ACM (JACM){\rbrace} 24(1):(44--67).
@misc{Unknown::4,
}


%{\textbackslash}bibitem[Comon(1994)]{\lbrace}comon:disu{\rbrace}
@misc{Unknown::5,
}


%Comon, H. 1994: Disunification: a survey. In: {\textbackslash}emph{\lbrace}Computational Logic: Essays in Honor of Alan Robinson.{\rbrace} Lassez, J.-L.; Plotkin, G., eds. MIT Press. {\textbackslash}bibitem[Dershowitz(1982)]{\lbrace}dersh{\rbrace} Dershowitz, N.
@misc{Comon:1994,
  author = {Comon, H.},
  title = {{D}isunification: a survey.},
  year = {1994},
}


%1982: Orderings for term-rewriting systems. In: {\textbackslash}emph{\lbrace}Theoretical Computer Science.{\rbrace}~
@misc{Unknown::6,
}


%~17(3):(279--301).
@misc{Unknown::7,
}


%{\textbackslash}bibitem[Fages(1987)]{\lbrace}fag:acu{\rbrace}
@misc{Unknown::8,
}


%Fages, F. (1987). Associative-commutative unification, In: {\textbackslash}emph{\lbrace}. Journal of Symbolic Computation, 3(3), 257{\textendash}275. 10.1016/S0747-7171(87)80004-40747-7171
@article{Fages:1987,
  DOI = {10.1016/S0747-7171(87)80004-4},
  ISSN = {0747-7171},
  author = {Fages, F.},
  journal = {Journal of Symbolic Computation},
  number = {3},
  pages = {257--275},
  title = {{A}ssociative-commutative unification, {I}n: {\textbackslash}emph{\lbrace}},
  volume = {3},
  year = {1987},
}


%{\textbackslash}bibitem[Green(1969)]{\lbrace}ccg{\rbrace}
@misc{Unknown::9,
}


%Green, C. C. 1969: Application of theorem proving to problem solving.~In: {\textbackslash}emph{\lbrace}Proceedings of the First International Joint Conference on Artificial Intelligence.{\rbrace} 219--239. 10.21236/ADA459656
@misc{Green:1969,
  DOI = {10.21236/ADA459656},
  author = {Green, C. C.},
  title = {{A}pplication of theorem proving to problem solving.},
  year = {1969},
}


%Washington, D.C., U.S.A. {\textbackslash}bibitem[Herbrand(1930)]{\lbrace}her{\rbrace}
@misc{Washington:,
  author = {Washington, D.C.},
}


%Herbrand, J. 1930:~Recherches sur la th{\'{e}}orie de la demonstration. Ph.D thesis. Universit{\'{e}} de Paris. {\textbackslash}bibitem[Hozzov{\'{a}}, P., et al.(2024)]{\lbrace}hoz{\rbrace}
@misc{Herbrand:1930,
  author = {Herbrand, J.},
  year = {1930},
}


%Hozzov{\'{a}}, P., Amrollahi, D., Hajdu, M., Kov{\'{a}}cs, L., Voronkov, A., {\&} Wagner, E. M. (2024). Synthesis of Recursive Programs in Saturation. EasyChair Preprint.
@book{Hozzova:2024,
  author = {Hozzov{\'{a}}, P. and Amrollahi, D. and Hajdu, M. and Kov{\'{a}}cs, L. and Voronkov, A. and Wagner, E. M.},
  publisher = {EasyChair Preprint},
  title = {{S}ynthesis of {R}ecursive {P}rograms in {S}aturation},
  year = {2024},
}


%No. 12145,~{\textbackslash}url{\lbrace}{\lbrace}https://easychair.org/publications/preprint/vvC2{\rbrace}{\rbrace}. {\textbackslash}bibitem[Lassez et al.(2005)]{\lbrace}las:mah:mar{\rbrace}
@misc{Unknown::10,
}


%Lassez, J. L., Maher, M. J., {\&} Marriott, K. 2005: Unification revisited. In: {\textbackslash}emph{\lbrace}Foundations of Logic and Functional Programming.{\rbrace}~Boscarol, M., Carlucci Aiello, L., Levi, G. (eds) Lecture Notes in Computer Science, vol 306. Springer, Berlin, Heidelberg, Germany.
@misc{Lassez:2005,
  author = {Lassez, J. L. and Maher, M. J. and Marriott, K.},
  title = {{U}nification revisited.},
  year = {2005},
}


%{\textbackslash}bibitem[Livesey and Siekmann(1976)]{\lbrace}liv-siek:acu{\rbrace}
@misc{Unknown::11,
}


%Livesey, M., and Siekmann, J. 1976;Unification of bags and sets.
@misc{Livesey:1976,
  author = {Livesey, M. and Siekmann, J.},
  year = {1976},
}


%Technical Report, Institut f{\"{u}}r Informatik I, Universit{\"{a}}t Karlsruhe. 1976. {\textbackslash}bibitem[Lowry et al.(1994)]{\lbrace}low{\rbrace}~
@misc{Unknown:1976,
  year = {1976},
}


%Lowry, M., Philpot, A., Pressburger, T., {\&} Underwood, I. 1994: AMPHION: automatic programming for subroutine libraries. In: {\textbackslash}emph{\lbrace}Proceedings KBSE {\textquotesingle}94. Ninth Knowledge-Based Software Engineering Conference{\rbrace}. {\textbackslash}bibitem[Luger and Stubblefield(1997)]{\lbrace}lug{\rbrace} 10.1109/KBSE.1994.342685
@misc{Lowry:1994,
  DOI = {10.1109/KBSE.1994.342685},
  author = {Lowry, M. and Philpot, A. and Pressburger, T. and Underwood, I.},
  title = {{AMPHION}: automatic programming for subroutine libraries.},
  year = {1994},
}


%Luger, G. F., and Stubblefield, W. A. 2004;{\textbackslash}emph{\lbrace}Artificial Intelligence: Structures and Strategies for Complex Problem Solving{\rbrace}.~~San Francisco. Benjamin/Cummings. {\textbackslash}bibitem[McCarthy et al.(1962)]{\lbrace}jmc{\rbrace}
@misc{Luger:2004,
  author = {Luger, G. F. and Stubblefield, W. A.},
  year = {2004},
}


%McCarthy, J., Abrahams, P. W., Edwards, D. J., Hart, T. P., {\&} Levin, M. I. 1962: {\textbackslash}emph{\lbrace}LISP 1.5 Programmer{\textquotesingle}s Manual{\rbrace}.~Cambridge, Massachusetts, USA.
@misc{McCarthy:1962,
  author = {McCarthy, J. and Abrahams, P. W. and Edwards, D. J. and Hart, T. P. and Levin, M. I.},
  year = {1962},
}


%The MIT Press. {\textbackslash}bibitem[Manna and Waldinger(1981)]{\lbrace}man:wal{\rbrace}
@misc{Unknown::12,
}


%Manna, Z., {\&} Waldinger, R. 1981: Deductive synthesis of the unification algorithm. In: {\textbackslash}emph{\lbrace}Science of Computer Programming{\rbrace} 1(1--2):(5--48). 10.21236/ADA107328
@misc{Manna:1981,
  DOI = {10.21236/ADA107328},
  author = {Manna, Z. and Waldinger, R.},
  title = {{D}eductive synthesis of the unification algorithm.},
  year = {1981},
}


%{\textbackslash}bibitem[Norvig(undated)]{\lbrace}nor{\rbrace}~
@misc{Unknown::13,
}


%Norvig, P.:~
@misc{Norvig:,
  author = {Norvig, P.},
}


%Correcting a widespread error in unification algorithms. {\textbackslash}url{\lbrace}https://norvig.com/unify-bug.pdf{\rbrace} {\textbackslash}bibitem[P{\'{o}}lya(1957)]{\lbrace}pol{\rbrace} {\%}[P{\'{o}}lya 1957] {\textbackslash} P{\'{o}}lya, G.; 1957: {\textbackslash}emph{\lbrace}How to solve it: A new aspect of mathematical method.{\rbrace}
@misc{Unknown:1957,
  year = {1957},
}


%Princeton, New Jersey, USA.: Princeton University Press {\textbackslash}bibitem[Plotkin(1970)]{\lbrace}plo:au{\rbrace}
@misc{Unknown::14,
}


%Plotkin, G. D. 1970: A note on inductive generalization. In: {\textbackslash}emph{\lbrace}Machine Intelligence.{\rbrace}~Meltzer, B., and Michie, D. (eds.) 5(153{\textendash}163).
@misc{Plotkin:1970,
  author = {Plotkin, G. D.},
  title = {{A} note on inductive generalization.},
  year = {1970},
}


%{\textbackslash}bibitem[Robinson(1966)]{\lbrace}rob{\rbrace}
@misc{Unknown::15,
}


%Robinson, J. A. (1966). A machine-oriented logic based on the resolution principle. In: {\textbackslash}emph{\lbrace}. Journal of the Association for Computing Machinery, 12(1), 23{\textendash}41. 10.1145/321250.3212530004-5411
@article{Robinson:1966,
  DOI = {10.1145/321250.321253},
  ISSN = {0004-5411},
  author = {Robinson, J. A.},
  journal = {Journal of the Association for Computing Machinery},
  number = {1},
  pages = {23--41},
  title = {{A} machine-oriented logic based on the resolution principle. {I}n: {\textbackslash}emph{\lbrace}},
  volume = {12},
  year = {1966},
}


%{\textbackslash}bibitem[Slagle(1965)]{\lbrace}sla{\rbrace}
@misc{Unknown::16,
}


%Slagle, J. (1965). Experiments with a deductive question-answering program. In: {\textbackslash}emph{\lbrace}Communications of the ACM{\rbrace}. {\textbackslash}bibitem[Stickel(1981)]{\lbrace}sti:acu{\rbrace} Stickel, M.: A unification algorithm for associative-commutative functions. In: {\textbackslash}emph{\lbrace}. Journal of the Association for Computing Machinery, 28(3), 423{\textendash}434.0004-5411
@article{Slagle:1965,
  ISSN = {0004-5411},
  author = {Slagle, J.},
  journal = {Journal of the Association for Computing Machinery},
  number = {3},
  pages = {423--434},
  title = {{E}xperiments with a deductive question-answering program. {I}n: {\textbackslash}emph{\lbrace}{C}ommunications of the {ACM}{\rbrace}. {\textbackslash}bibitem[{S}tickel(1981)]{\lbrace}sti:acu{\rbrace} {S}tickel, {M}.: {A} unification algorithm for associative-commutative functions. {I}n: {\textbackslash}emph{\lbrace}},
  volume = {28},
  year = {1965},
}


%{\textbackslash}bibitem[Stickel et al.(2001)]{\lbrace}sti{\rbrace}
@misc{Unknown::17,
}


%Stickel, M., Waldinger, R. J.,~Chaudhri, V.: 2001: {\textbackslash}emph{\lbrace}A guide to {\textbackslash}SNARK.{\rbrace} SRI International, Menlo Park, California, USA. {\textbackslash}bibitem[Waldinger and Lee(1969)]{\lbrace}wal:lee{\rbrace}
@misc{Stickel:2001,
  author = {Stickel, M. and Waldinger, R. J. and Chaudhri, V.},
  year = {2001},
}


%Waldinger, R. J., {\&} Lee, R. C. T. 1969: PROW: a step toward automatic program writing. In: {\textbackslash}emph{\lbrace}Proceedings of the 1st International Joint Conference on Artificial Intelligence{\rbrace}. 241{\textendash}252. {\textbackslash}bibitem[Wikimedia Foundation(2023)]{\lbrace}wik:llm{\rbrace}
@misc{Waldinger:1969,
  author = {Waldinger, R. J. and Lee, R. C. T.},
  title = {{PROW}: a step toward automatic program writing.},
  year = {1969},
}


%Wikipedia. 2023: Large language models. In: {\textbackslash}emph{\lbrace}Wikipedia The Free Encyclopedia{\rbrace}.~{\textbackslash}url{\lbrace}https://en.wikipedia.org/wiki/Large{\textbackslash}{\_}language{\textbackslash}{\_}model{\rbrace}. {\textbackslash}bibitem[Yang et al.(2023)]{\lbrace}leandojo{\rbrace}
@misc{Wikipedia:2023,
  author = {{W}ikipedia},
  year = {2023},
}


%Yang, K., Swope, A. M., Gu, A., Chalamala, R., Song, P., Yu, S., Godil, S., Prenger, R., {\&} Anandkumar, A. 2023: LeanDojo: theorem proving with retrieval-augmented language models. arXiv:2306.15626. doi:10.48550/arXiv.2306.15626.
@misc{Yang:2023,
  DOI = {10.48550},
  author = {Yang, K. and Swope, A. M. and Gu, A. and Chalamala, R. and Song, P. and Yu, S. and Godil, S. and Prenger, R. and Anandkumar, A.},
  year = {2023},
}
